
<record>
  <controlfield tag="001">723478</controlfield>
  <datafield tag="024" ind1="7" ind2=" ">
    <subfield code="2">DOI</subfield>
    <subfield code="a">10.1086/508227</subfield>
  </datafield>
  <datafield tag="035" ind1=" " ind2=" ">
    <subfield code="a">oai:arXiv.org:astro-ph/0608189</subfield>
    <subfield code="z">oai:arXiv.org:astro-ph/0608189</subfield>
    <subfield code="9">arXiv</subfield>
  </datafield>
  <datafield tag="035" ind1=" " ind2=" ">
    <subfield code="a">Blum:2006th</subfield>
    <subfield code="9">SPIRESTeX</subfield>
  </datafield>
  <datafield tag="035" ind1=" " ind2=" ">
    <subfield code="9">ADS</subfield>
    <subfield code="a">2006AJ....132.2034B</subfield>
  </datafield>
  <datafield tag="037" ind1=" " ind2=" ">
    <subfield code="a">astro-ph/0608189</subfield>
    <subfield code="9">arXiv</subfield>
    <subfield code="c">astro-ph</subfield>
  </datafield>
  <datafield tag="245" ind1=" " ind2=" ">
    <subfield code="a">Spitzer SAGE survey of the Large Magellanic Cloud. 2. Evolved Stars and Infrared Color Magnitude Diagrams</subfield>
  </datafield>
</record>