
<record>
  <controlfield tag="001">740874</controlfield>
  <datafield tag="035" ind1=" " ind2=" ">
    <subfield code="a">Akhmetshin:2006zz</subfield>
    <subfield code="9">SPIRESTeX</subfield>
  </datafield>
  <datafield tag="245" ind1=" " ind2=" ">
    <subfield code="a">Results of hadronic cross section measurement at VEPP-2M collider with CMD-2 and SND detectors</subfield>
  </datafield>
</record>