
<record>
  <controlfield tag="001">739255</controlfield>
  <datafield tag="024" ind1="7" ind2=" ">
    <subfield code="a">10.1134/S0020441206060066</subfield>
    <subfield code="2">DOI</subfield>
  </datafield>
  <datafield tag="035" ind1=" " ind2=" ">
    <subfield code="z">D12-13653</subfield>
    <subfield code="9">DESY</subfield>
  </datafield>
  <datafield tag="035" ind1=" " ind2=" ">
    <subfield code="a">Anashkin:2006zz</subfield>
    <subfield code="9">SPIRESTeX</subfield>
  </datafield>
  <datafield tag="245" ind1=" " ind2=" ">
    <subfield code="a">The CMD-2 cryogenic magnetic detector</subfield>
  </datafield>
</record>

</collection>